@online{cppreference,
    url = "http://en.cppreference.com/w/c/numeric/math/sqrt",
    keywords = "cppreference"}