@misc{nielsen_2017, title={Neural Networks and Deep Learning}, url={http://neuralnetworksanddeeplearning.com/}, journal={Neural networks and deep learning}, publisher={Determination Press}, author={Nielsen, Michael}, year={2017}, month={Dec}}

@misc{readthedocs, title={rmsprop}, url={http://climin.readthedocs.io/en/latest/rmsprop.html}, journal={rmsprop - climin 0.1 documentation}, year={2013}}

@misc{cs231n, url={http://cs231n.github.io/neural-networks-3/}, journal={CS231n Convolutional Neural Networks for Visual Recognition}, publisher={karpathy@cs.stanford.edu}}

@misc{ruder_2016, title={An overview of gradient descent optimization algorithms}, url={http://ruder.io/optimizing-gradient-descent/}, journal={Optimizing Gradient Descent}, publisher={Sebastian Ruder}, author={Ruder, Sebastian}, year={2016}, month={Jan}}

@misc{hinton, title={Neural Networks for Machine Learning}, url={http://www.cs.toronto.edu/~tijmen/csc321/slides/lecture_slides_lec6.pdf}, journal={CSC321}, publisher={Department of Computer Science, University of Toronto}, author={Hinton, Geoffrey and Srivastava, Nitish and Swersky, Kevin}}

@misc{yaldex, title={Introduction to Optimization}, url={http://www.yaldex.com/game-development/1592730043_ch18lev1sec4.html}, journal={Game Development}}

@misc{steemit, title={Why Do I Sometimes Get Better Accuracy With A Higher Learning Rate Gradient Descent?}, url={https://steemit.com/programming/@kasperfred/why-do-i-sometimes-get-better-accuracy-with-a-higher-learning-rate}, journal={Why Do I Sometimes Get Better Accuracy With A Higher Learning Rate Gradient Descent? - Steemit}, year={2017}, month={Oct}}

@misc{mnist, title={THE MNIST DATABASE of handwritten digits}, url={http://yann.lecun.com/exdb/mnist/}, journal={MNIST handwritten digit database, Yann LeCun, Corinna Cortes and Chris Burges}, author={LeCun, Yann and Cortes, Corinna and Burges, Christopher J.C.}}

@misc{kristiadi_2016, title={Beyond SGD: Gradient Descent with Momentum and Adaptive Learning Rate}, url={https://wiseodd.github.io/techblog/2016/06/22/nn-optimization/}, journal={Beyond SGD: Gradient Descent with Momentum and Adaptive Learning Rate - Agustinus Kristiadi's Blog}, author={Kristiadi, Agustinus}, year={2016}, month={Jun}}

@misc{welch_2015, title={stephencwelch/Neural-Networks-Demystified}, url={https://github.com/stephencwelch/Neural-Networks-Demystified}, journal={GitHub}, author={Welch, Stephenc}, year={2015}}

@misc{toward_data_science, title={Stochastic Gradient Descent with momentum – Towards Data Science}, url={https://towardsdatascience.com/stochastic-gradient-descent-with-momentum-a84097641a5d}, journal={Towards Data Science}, publisher={Towards Data Science}, author={1245284952193863}, year={2017}, month={Dec}}

@article{sousa_2012, title={Analysis of the backpropagation algorithm using linear algebra}, DOI={10.1109/ijcnn.2012.6252364}, journal={The 2012 International Joint Conference on Neural Networks (IJCNN)}, author={Sousa, Celso Andre Rodrigues De}, year={2012}}

@article{article1, title={OPTIMIZATION STRATEGIES AND BACKPROPAGATION NEURAL NETWORKS}, journal={OPTIMIZATION STRATEGIES AND BACKPROPAGATION NEURAL NETWORKS}, author={Plagianakos, V P and Magoulas, G D and Vrahatis, M N}}

@article{article2, title={Design of a fast convergent backpropagation algorithm based on optimal control theory}, volume={70}, DOI={10.1007/s11071-012-0512-1}, number={2}, journal={Nonlinear Dynamics}, author={Jahangir, Mostafa and Golshan, Mehdi and Khosravi, Siavash and Afkhami, Hossein}, year={2012}, month={Oct}, pages={1051–1059}}

@article{article3, title={Handwritten English Character Recognition Using Logistic Regression using neural network}, journal={Elixir International Journal}, author={Patil, Vijay and Shimpi, Sanjay}, year={2011}, month={Nov}, pages={5587–5591}}

@article{article4, title={Handwritten Multiscript Numeral Recognition using Artificial Neural Networks}, volume={1}, number={1}, journal={International Journal of Soft Computing and Engineering (IJSCE)}, author={Asthana, Stuti and Haneef, Farha and Bhujade, Rakesh K}, year={2011}, month={Mar}, pages={2231–2307}}

@article{article5, title={Handwritten Bangla digit recognition employing hybrid neural network approach}, DOI={10.1109/iccitechn.2014.6997353}, journal={16th Intl Conf. Computer and Information Technology}, author={Hashem, Tahsina and Asif, Mohammad and Bhuiyan, Md Al-Amin}, year={2014}, month={Mar}}

@article{article6, title={Theory of the backpropagation neural network}, DOI={10.1109/ijcnn.1989.118638}, journal={International Joint Conference on Neural Networks}, author={Hecht-Nielsen, Robert}, year={1989}}

@article{article7, title={Performance Improvement by Modification of Learning Algorithm of Multilayer Feed-forward Neural Network Model}, volume={16}, number={1}, journal={International Information Institute}, author={Kim, Daehyon and Kim, Gwang Jun and Kim, Haeng Kon}, year={2013}, month={Jan}, pages={481–493}}

@article{article8, title={Efficient BackProp}, DOI={10.1007/978-3-642-35289-8_3}, journal={Lecture Notes in Computer Science Neural Networks: Tricks of the Trade}, author={Lecun, Yann A. and Bottou, Léon and Orr, Genevieve B. and Müller, Klaus-Robert}, year={2012}, pages={9–48}}